<?xml version="1.0" encoding="UTF-8"?><record xmlns="http://www.loc.gov/MARC21/slim" xmlns:cinclude="http://apache.org/cocoon/include/1.0" xmlns:zs="http://www.loc.gov/zing/srw/">
  <leader>00773nz  a2200157n  4500</leader>
  <controlfield tag="001">nb2005017835</controlfield>
  <controlfield tag="003">DLC</controlfield>
  <controlfield tag="005">20051117051213.0</controlfield>
  <controlfield tag="008">051116n| acannaabn          |n aaa      </controlfield>
  <datafield tag="010" ind1=" " ind2=" ">
    <subfield code="a">nb2005017835</subfield>
  </datafield>
  <datafield tag="035" ind1=" " ind2=" ">
    <subfield code="a">(Uk)006328430</subfield>
  </datafield>
  <datafield tag="040" ind1=" " ind2=" ">
    <subfield code="a">Uk</subfield>
    <subfield code="b">eng</subfield>
    <subfield code="c">Uk</subfield>
  </datafield>
  <datafield tag="100" ind1="1" ind2=" ">
    <subfield code="a">Kuhn, Bernhard,</subfield>
    <subfield code="d">1969-</subfield>
  </datafield>
  <datafield tag="670" ind1=" " ind2=" ">
    <subfield code="a">Die Oper im italienischen Film, 2005:</subfield>
    <subfield code="b">t.p. (Bernhard Kuhn) back cover (born in 1969; since 2001, assistant professor of Italian at Bucknell Univ., Penn., USA)</subfield>
  </datafield>
  <datafield tag="670" ind1=" " ind2=" ">
    <subfield code="a">Bucknell Univ. website, 11 Nov. 2005:</subfield>
    <subfield code="b">staff (assistant professor of Italian Studies; Ph.D. from Otto-Friedrich-UniversitaĚt Bamberg, Germany; specializes in Italian literature and film)</subfield>
  </datafield>
  <datafield tag="670" ind1=" " ind2=" ">
    <subfield code="a">E-mail from author, 13 Nov. 2005</subfield>
    <subfield code="b">(not the same person as Kuhn, Bernhard Helmut, 1969- (no2002002299)</subfield>
  </datafield>
</record>